@inproceedings{bauer-and-wermter-2013,
    author = {Bauer, Johannes and Wermter, Stefan},
    booktitle = {International Joint Conference on Artificial Intelligence (IJCAI)},
    citeulike-article-id = {12540211},
    citeulike-linkout-0 = {http://ijcai.org/papers13/Papers/IJCAI13-185.pdf},
    editor = {Rossi, F.},
    keywords = {algorithmic, ann, bayes, learning, multisensory-integration, som},
    location = {Beijing, China},
    month = aug,
    pages = {1226--1232},
    posted-at = {2013-08-03 10:04:40},
    priority = {2},
    title = {Self-Organized Neural Learning of Statistical Inference from High-Dimensional Data},
    url = {http://ijcai.org/papers13/Papers/IJCAI13-185.pdf},
    year = {2013}
}

@article{bauer-et-al-2014,
    author = {Bauer, Johannes and D\'{a}vila-Chac\'{o}n, Jorge and Wermter, Stefan},
    citeulike-article-id = {13413484},
    day = {27},
    doi = {10.1080/09540091.2014.971224},
    journal = {Connection Science},
    keywords = {model, multisensory-integration, sc},
    month = oct,
    pages = {1--19},
    posted-at = {2014-10-30 16:58:32},
    priority = {2},
    publisher = {Taylor \& Francis},
    title = {Modeling development of natural multi-sensory integration using neural self-organisation and probabilistic population codes},
    url = {http://dx.doi.org/10.1080/09540091.2014.971224},
    year = {2014}
}

@article{maunsell-and-treue-2006,
    address = {HHMI and Baylor College of Medicine, Department of Neuroscience, Baylor College of Medicine, One Baylor Plaza S-603, Houston, TX 77030, USA. maunsell@bcm.edu},
    author = {Maunsell, John H. and Treue, Stefan},
    citeulike-article-id = {1134115},
    doi = {10.1016/j.tins.2006.04.001},
    issn = {0166-2236},
    journal = {Trends in Neurosciences},
    keywords = {attention, biology, feature-attention, visual},
    month = jun,
    number = {6},
    pages = {317--322},
    pmid = {16697058},
    priority = {2},
    title = {Feature-based attention in visual cortex},
    volume = {29},
    year = {2006}
}

@article{born-et-al-2012,
    author = {Born, Sabine and Ansorge, Ulrich and Kerzel, Dirk},
    citeulike-article-id = {11840502},
    day = {31},
    doi = {10.1167/12.11.27},
    issn = {1534-7362},
    journal = {Journal of Vision},
    keywords = {attention, biology, eye-movements, eye-saccades, feature-attention, motor},
    month = oct,
    number = {11},
    pmid = {23115215},
    posted-at = {2012-12-12 11:22:27},
    priority = {2},
    publisher = {Association for Research in Vision and Ophthalmology},
    title = {Feature-based effects in the coupling between attention and saccades},
    volume = {12},
    year = {2012}
}

@article{andersen-et-al-2009,
    author = {Andersen, S{\o}ren K. and M\"{u}ller, Matthias M. and Hillyard, Steven A.},
    day = {8},
    doi = {10.1167/9.6.2},
    issn = {1534-7362},
    journal = {Journal of Vision},
    keywords = {attention, biology, feature-attention, visual},
    month = jun,
    number = {6},
    pmid = {19761293},
    posted-at = {2014-04-09 17:06:38},
    priority = {2},
    title = {Color-selective attention need not be mediated by spatial attention},
    url = {http://dx.doi.org/10.1167/9.6.2},
    volume = {9},
    year = {2009}
}

@inbook{vatakis-and-spence-2007,
    author = {Vatakis, Argiro and Spence, Charles},
    booktitle = {Perception \& Psychophysics},
    doi = {10.3758/bf03193776},
    keywords = {auditory, semantic, speech, unity-assumption, visual},
    number = {5},
    pages = {744--756},
    posted-at = {2014-05-07 17:11:57},
    priority = {2},
    publisher = {Springer-Verlag},
    title = {Crossmodal binding: Evaluating the ``unity assumption'' using audiovisual speech stimuli},
    url = {http://dx.doi.org/10.3758/bf03193776},
    volume = {69},
    year = {2007}
}

@article{warren-et-al-1981,
    author = {Warren, David H. and Welch, Robert B. and McCarthy, Timothy J.},
    booktitle = {Perception \& Psychophysics},
    doi = {10.3758/bf03202010},
    keywords = {attention, audio, biology, semantic, ventriloquism-effect, visual},
    number = {6},
    pages = {557--564},
    posted-at = {2014-05-07 15:28:57},
    priority = {2},
    publisher = {Springer-Verlag},
    title = {The role of visual-auditory  ” compellingness” in the ventriloquism effect: Implications for transitivity among the spatial senses},
    url = {http://dx.doi.org/10.3758/bf03202010},
    volume = {30},
    year = {1981}
}

@article{jack-and-thurlow-1973,
    author = {Jack, Charles E. and Thurlow, Willard R.},
    issn = {0031-5125},
    journal = {Perceptual and Motor Skills},
    month = dec,
    number = {3},
    pages = {967--979},
    pmid = {4764534},
    posted-at = {2011-07-25 14:00:59},
    priority = {2},
    title = {Effects of Degree of Visual Association and Angle of Displacement on the "Ventriloquism" Effect},
    url = {http://view.ncbi.nlm.nih.gov/pubmed/4764534},
    volume = {37},
    year = {1973}
}

@article{anastasio-and-patton-2003,
    author = {Anastasio, Thomas J. and Patton, Paul E.},
    citeulike-article-id = {444951},
    day = {30},
    issn = {1529-2401},
    journal = {The Journal of Neuroscience},
    keywords = {learning, multi-modality, sc, som, unsupervised-learning, visual},
    month = jul,
    number = {17},
    pages = {6713--6727},
    pmid = {12890764},
    posted-at = {2011-12-14 11:37:59},
    priority = {2},
    publisher = {Society for Neuroscience},
    title = {A Two-Stage Unsupervised Learning Algorithm Reproduces Multisensory Enhancement in a Neural Network Model of the Corticotectal System},
    url = {http://www.jneurosci.org/content/23/17/6713.abstract},
    volume = {23},
    year = {2003}
}

@book{kohonen-1995,
    address = {Berlin},
    author = {Kohonen, Teuvo},
    citeulike-article-id = {13109873},
    editor = {Huang, Thomas S. and Kohonen, Teuvo and Schroeder, Manfred R.},
    isbn = {3-540-58600-8},
    keywords = {algorithmic, learning, som, unsupervised-learning},
    posted-at = {2014-03-18 13:53:06},
    priority = {2},
    series = {Springer series in information sciences},
	publisher = {Springer-Verlag},
    title = {Self-Organizing Maps},
    year = {1995}
}

@book{miikkulainen-et-al-2005,
    address = {New York, USA},
    author = {Miikkulainen, Risto and Bednar, James A. and Choe, Yoonsuck and Sirosh, Joseph},
    citeulike-article-id = {8859967},
    day = {28},
    edition = {2005},
    howpublished = {Hardcover},
    isbn = {0387220240},
    keywords = {biology, topographic-maps, visual, visual-processing},
    month = aug,
    posted-at = {2013-10-16 14:52:15},
    priority = {2},
    publisher = {Springer},
    title = {Computational Maps in the Visual Cortex},
    url = {http://www.amazon.com/exec/obidos/redirect?tag=citeulike07-20\&\#38;path=ASIN/0387220240},
    year = {2005}
}

@article{law-and-constantine-paton-1981,
    author = {Law, Margaret I. and Constantine-Paton, Martha},
    citeulike-article-id = {12739775},
    issn = {0270-6474},
    journal = {Journal of Neuroscience},
    keywords = {biology, competition, frogs, sc},
    month = jul,
    number = {7},
    pages = {741--759},
    pmid = {6980968},
    posted-at = {2013-10-30 11:18:51},
    priority = {2},
    title = {Anatomy and Physiology of Experimentally Produced Striped Tecta},
    url = {http://view.ncbi.nlm.nih.gov/pubmed/6980968},
    volume = {1},
    year = {1981}
}

@article{pollack-and-hickey-1979,
    author = {Pollack, Jay G. and Hickey, Terry L.},
    citeulike-article-id = {13197809},
    day = {15},
    doi = {10.1002/cne.901850402},
    journal = {The Journal of Comparative Neurology},
    keywords = {biology, monkeys, ocular-dominace, sc, visual},
    month = jun,
    number = {4},
    pages = {587--602},
    posted-at = {2014-05-23 17:00:22},
    priority = {2},
    publisher = {Wiley},
    title = {The Distribution of Retino-Collicular Axon Terminals in Rhesus Monkey},
    url = {http://dx.doi.org/10.1002/cne.901850402},
    volume = {185},
    year = {1979}
}

@article{colonius-and-diederich-2004,
    author = {Colonius, Hans and Diederich, Adele},
    citeulike-article-id = {11275153},
    issn = {1530-7026},
    journal = {Cognitive, Affective \& Behavioral Neuroscience},
    keywords = {bayes, computational, cue-combination, decision-making, math, model, probability, sc},
    month = sep,
    number = {3},
    pages = {344--353},
    pmid = {15535170},
    posted-at = {2012-09-19 07:38:56},
    priority = {2},
    title = {Why aren't all deep superior colliculus neurons multisensory? {A} {B}ayes' ratio analysis.},
    url = {http://view.ncbi.nlm.nih.gov/pubmed/15535170},
    volume = {4},
    year = {2004}
}

@article{wallace-and-stein-1994,
    address = {Department of Physiology, Medical College of Virginia, Virginia Commonwealth University, Richmond 23298-0551.},
    author = {Wallace, Mark T. and Stein, Barry E.},
    issn = {0022-3077},
    journal = {Journal of Neurophysiology},
    keywords = {biology, cortex, multisensory-integration, sc},
    month = jan,
    number = {1},
    pages = {429--432},
    pmid = {8158240},
    title = {{Cross-Modal} Synthesis in the Midbrain Depends on Input from Cortex},
    url = {http://view.ncbi.nlm.nih.gov/pubmed/8158240},
    volume = {71},
    year = {1994}
}

@inbook{wallace-and-stein-1996,
    author = {Wallace, Mark T. and Stein, Barry E.},
    booktitle = {Extrageniculostriate Mechanisms Underlying Visually-Guided Orientation Behavior},
    citeulike-article-id = {12908026},
    doi = {10.1016/s0079-6123(08)63337-3},
    editor = {Norita, Masao and Bando, Takehiko and Stein, Barry E.},
    isbn = {9780444823472},
    keywords = {biology, sc},
    pages = {301--311},
    posted-at = {2014-01-13 12:54:02},
    priority = {2},
    publisher = {Elsevier},
    series = {Progress in Brain Research},
    title = {Sensory organization of the superior colliculus in cat and monkey},
    url = {http://www.sciencedirect.com/science/bookseries/00796123/112},
    volume = {112},
    year = {1996}
}

@article{cavanaugh-et-al-2006,
    address = {Laboratory of Sensorimotor Research, National Eye Institute, National Institutes of Health, Bethesda, Maryland 20982-4435, USA. jrc@lsr.nei.nih.gov},
    author = {Cavanaugh, James and Alvarez, Bryan D. and Wurtz, Robert H.},
    citeulike-article-id = {936976},
    day = {01},
    doi = {10.1523/jneurosci.2376-06.2006},
    issn = {1529-2401},
    journal = {The Journal of Neuroscience},
    keywords = {attention, biology, sc},
    month = nov,
    number = {44},
    pages = {11347--11358},
    pmid = {17079663},
    posted-at = {2013-10-25 15:53:04},
    priority = {2},
    publisher = {Society for Neuroscience},
    title = {Enhanced Performance with Brain Stimulation: Attentional Shift or Visual Cue?},
    url = {http://dx.doi.org/10.1523/jneurosci.2376-06.2006},
    volume = {26},
    year = {2006}
}

@inproceedings{weber-and-triesch-2009b,
    author = {Weber, Cornelius and Triesch, Jochen},
    booktitle = {2009 International Joint Conference on Neural Networks},
    citeulike-article-id = {12443863},
    doi = {10.1109/ijcnn.2009.5179064},
    isbn = {978-1-4244-3548-7},
    keywords = {ann, learning, model, reinforcement-learning, unsupervised},
    location = {Atlanta, Ga, USA},
    month = jun,
    pages = {3319--3326},
    posted-at = {2013-06-24 09:36:21},
    priority = {2},
    publisher = {IEEE},
    title = {Goal-Directed Feature Learning},
    url = {http://dx.doi.org/10.1109/ijcnn.2009.5179064},
    year = {2009}
}

@incollection{king-2013,
    author = {King, Andrew J.},
    booktitle = {Neural Circuit Development and Function in the Brain},
    citeulike-article-id = {12341980},
    doi = {10.1016/b978-0-12-397267-5.00144-8},
    isbn = {9780123972675},
    keywords = {biology, multisensory-integration},
    pages = {61--73},
    posted-at = {2013-05-14 14:46:15},
    priority = {2},
    publisher = {Academic Press},
	address = {Oxford},
    title = {Multisensory Circuits},
    url = {http://dx.doi.org/10.1016/b978-0-12-397267-5.00144-8},
    year = {2013}
}

@article{stein-and-stanford-2008,
    author = {Stein, Barry E. and Stanford, Terrence R.},
    citeulike-article-id = {2688519},
    doi = {10.1038/nrn2377},
    issn = {1471-003X},
    journal = {Nature Reviews Neuroscience},
    keywords = {aes, attention, multi-modality, rls, sc-input},
    month = may,
    number = {5},
    pages = {406},
    posted-at = {2011-09-23 16:37:03},
    priority = {2},
    publisher = {Nature Publishing Group},
    title = {Multisensory integration: current issues from the perspective of the single neuron},
    url = {http://dx.doi.org/10.1038/nrn2377},
    volume = {9},
    year = {2008}
}

@article{meredith-and-stein-1986,
    author = {Meredith, Alex M. and Stein, Barry E.},
    citeulike-article-id = {12480222},
    doi = {10.1016/0006-8993(86)91648-3},
    issn = {00068993},
    journal = {Brain Research},
    keywords = {biology, multisensory-integration, sc, spatial-principle},
    month = feb,
    number = {2},
    pages = {350--354},
    posted-at = {2013-07-15 17:48:14},
    priority = {2},
    title = {Spatial factors determine the activity of multisensory neurons in cat superior colliculus},
    url = {http://dx.doi.org/10.1016/0006-8993(86)91648-3},
    volume = {365},
    year = {1986}
}

@article{alais-and-burr-2004,
    author = {Alais, David and Burr, David},
    citeulike-article-id = {2790903},
    day = {3},
    doi = {10.1016/j.cub.2004.01.029},
    issn = {0960-9822},
    journal = {Current Biology},
    keywords = {bayes, behaviour, biology, cue-combination, experiments, localization, multi-modality, probability, psychology, visual},
    month = feb,
    number = {3},
    pages = {257--262},
    pmid = {14761661},
    posted-at = {2012-05-30 13:40:56},
    priority = {2},
    publisher = {Cell Press},
    title = {The ventriloquist effect results from near-optimal bimodal integration.},
    url = {http://dx.doi.org/10.1016/j.cub.2004.01.029},
    volume = {14},
    year = {2004}
}

@inproceedings{bauer-and-wermter-2013b,
    author = {Bauer, Johannes and Wermter, Stefan},
    booktitle = {Ninth International Workshop on Neural-Symbolic Learning and Reasoning (NeSy'13)},
    citeulike-article-id = {12540216},
    citeulike-linkout-0 = {http://knoesis.wright.edu/faculty/pascal/nesy/NeSy13/},
    editor = {Garcez, Artur and Lamb, Luis and Hitzler, Pascal},
    keywords = {ann, learning, model, multisensory-integration, sc, som, unsupervised-learning},
    location = {Beijing, China},
    month = aug,
    pages = {7--12},
    posted-at = {2013-08-03 10:19:08},
    priority = {2},
    title = {Learning Multi-Sensory Integration with Self-Organization and Statistics},
    url = {http://knoesis.wright.edu/faculty/pascal/nesy/NeSy13/},
    year = {2013}
}

@article{martin-et-al-2009,
    author = {Martin, Jacob G. and Meredith Alex, A. and Ahmad, Khurshid},
    citeulike-article-id = {10693441},
    doi = {10.3389/neuro.10.008.2009},
    issn = {1662-5188},
    journal = {Frontiers in Computational Neuroscience},
    keywords = {ann, architecture, cue-combination, development, enhancement, learning, localization, sc, som},
    pmcid = {PMC2713735},
    pmid = {19636382},
    posted-at = {2012-05-22 15:07:35},
    priority = {2},
    title = {Modeling multisensory enhancement with self-organizing maps.},
    url = {http://dx.doi.org/10.3389/neuro.10.008.2009},
    volume = {3},
    year = {2009}
}

@article{ohshiro-et-al-2011,
    author = {Ohshiro, Tomokazu and Angelaki, Dora E. and DeAngelis, Gregory C.},
    citeulike-article-id = {9339787},
    doi = {10.1038/nn.2815},
    issn = {1546-1726},
    journal = {Nature Neuroscience},
    keywords = {computational, cue-combination, divisive-normalization, model, multi-modality, suppression},
    month = jun,
    number = {6},
    pages = {775--782},
    pmcid = {PMC3102778},
    pmid = {21552274},
    posted-at = {2012-07-04 11:00:29},
    priority = {2},
    publisher = {Nature Publishing Group},
    title = {A normalization model of multisensory integration},
    url = {http://dx.doi.org/10.1038/nn.2815},
    volume = {14},
    year = {2011}
}

@article{fetsch-et-al-2013,
    abstract = {The richness of perceptual experience, as well as its usefulness for guiding behaviour, depends on the synthesis of information across multiple senses. Recent decades have witnessed a surge in our understanding of how the brain combines sensory cues. Much of this research has been guided},
    author = {Fetsch, Christopher R. and DeAngelis, Gregory C. and Angelaki, Dora E.},
    citeulike-article-id = {12359581},
    day = {20},
    doi = {10.1038/nrn3503},
    issn = {1471-003X},
    journal = {Nature Reviews Neuroscience},
    keywords = {biology, cue-combination, multisensory-integration},
    month = jun,
    number = {6},
    pages = {429--442},
    posted-at = {2013-06-06 17:23:34},
    priority = {2},
    publisher = {Nature Publishing Group},
    title = {Bridging the gap between theories of sensory cue integration and the physiology of multisensory neurons},
    url = {http://dx.doi.org/10.1038/nrn3503},
    volume = {14},
    year = {2013}
}

@article{cuppini-et-al-2012,
    author = {Cuppini, Cristiano and Magosso, Elisa and Rowland, Benjamin A. and Stein, Barry E. and Ursino, Mauro},
    citeulike-article-id = {11345745},
    day = {4},
    doi = {10.1007/s00422-012-0511-9},
    issn = {1432-0770},
    journal = {Biological Cybernetics},
    keywords = {development, enhancement, learning, model, sc, suppression},
    month = dec,
    number = {11-12},
    pages = {691--713},
    pmcid = {PMC3552306},
    pmid = {23011260},
    posted-at = {2012-10-05 12:35:55},
    priority = {2},
    publisher = {Springer Berlin / Heidelberg},
    title = {Hebbian mechanisms help explain development of multisensory integration in the superior colliculus: a neural network model.},
    url = {http://dx.doi.org/10.1007/s00422-012-0511-9},
    volume = {106},
    year = {2012}
}

@inproceedings{pavlou-and-casey-2010,
    author = {Pavlou, Athanasios and Casey, Matthew},
    booktitle = {The 2010 International Joint Conference on Neural Networks (IJCNN)},
    citeulike-article-id = {10200115},
    doi = {10.1109/ijcnn.2010.5596839},
    institution = {Dept. of Comput., Univ. of Surrey, Guildford, UK},
    isbn = {978-1-4244-6916-1},
    issn = {1098-7576},
    keywords = {aes, calibration, enhancement, learning, multi-modality, rls, sc, som, suppression, unsupervised-learning},
    location = {Barcelona, Spain},
    month = jul,
    pages = {1--8},
    posted-at = {2012-01-05 07:56:15},
    priority = {2},
    publisher = {IEEE},
    title = {Simulating the Effects of Cortical Feedback in the Superior Colliculus with Topographic Maps},
    url = {http://dx.doi.org/10.1109/ijcnn.2010.5596839},
    year = {2010}
}


@article{casey-et-al-2012,
    author = {Casey, Matthew C. and Pavlou, A. and Timotheoue, A.},
    citeulike-article-id = {10874898},
    citeulike-linkout-0 = {http://dx.doi.org/10.1016/j.neucom.2012.05.015},
    doi = {10.1016/j.neucom.2012.05.015},
    issn = {09252312},
    journal = {Neurocomputing},
    keywords = {architecture, auditory, cue-combination, enhancement, learning, localization, model, multi-modality, sc},
    month = jun,
    posted-at = {2012-07-11 09:55:09},
    priority = {2},
    title = {Audio-visual localization with hierarchical topographic maps: Modeling the superior colliculus},
    url = {http://dx.doi.org/10.1016/j.neucom.2012.05.015},
    year = {2012}
}

@article{sparks-1988,
    author = {Sparks, David L.},
    citeulike-article-id = {12737676},
    issn = {0006-8977},
    journal = {Brain, Behavior and Evolution},
    keywords = {biology, motor, sc, topographic-maps},
    number = {1},
    pages = {49--56},
    pmid = {3334905},
    posted-at = {2013-10-28 10:55:49},
    priority = {2},
    title = {Neural Cartography: Sensory and Motor Maps in the Superior Colliculus},
    url = {http://view.ncbi.nlm.nih.gov/pubmed/3334905},
    volume = {31},
    year = {1988}
}


@article{rowland-et-al-2007,
    author = {Rowland, Benjamin A. and Stanford, Terrence R. and Stein, Barry E.},
    citeulike-article-id = {7550863},
    doi = {10.1068/p5842},
    journal = {Perception},
    number = {10},
    pages = {1431--1443},
    posted-at = {2011-07-21 11:56:45},
    priority = {2},
    publisher = {Pion Ltd},
    title = {A model of the neural mechanisms underlying multisensory integration in the superior colliculus},
    url = {http://dx.doi.org/10.1068/p5842},
    volume = {36},
    year = {2007}
}

@incollection{foxe-2012,
    author = {Foxe, John J.},
	chapter = {33},
    citeulike-article-id = {13377482},
    keywords = {aes, attention, biology, multisensory, multisensory-integration},
    pages = {337--343},
    posted-at = {2014-09-29 15:01:02},
    priority = {2},
    title = {The Interface of Multisensory Processing and Selective Attention},
	crossref = {stein-book-2012}
}

@incollection{stein-2012,
    author = {Stein, Barry E.},
    chapter = {33},
    citeulike-article-id = {11835103},
    keywords = {biology, development, learning, multisensory-integration, sc},
    pages = {589--606},
    posted-at = {2012-12-07 16:44:45},
    priority = {2},
    title = {Early Experience Affects the Development of Multisensory Integration in Single Neurons of the Superior Colliculus},
	crossref = {stein-book-2012}
}

@book{stein-book-2012,
    title = {The New Handbook of Multisensory Processing},
    booktitle = {The New Handbook of Multisensory Processing},
    editor = {Stein, Barry E.},
    month = jun,
    day = {1},
    publisher = {The MIT Press},
    address = {Cambridge, MA, USA},
    year = {2012}
}

@incollection{vogels-et-al-1989,
    author = {Vogels, Rufin and Spileers, Werner and Orban, Guy A.},
    booktitle = {Experimental Brain Research},
    citeulike-article-id = {12792654},
    doi = {10.1007/bf00275002},
    keywords = {biology, noise, poisson},
    number = {2},
    pages = {432--436},
    posted-at = {2013-11-18 11:26:36},
    priority = {2},
    publisher = {Springer-Verlag},
    title = {The response variability of striate cortical neurons in the behaving monkey},
    url = {http://dx.doi.org/10.1007/bf00275002},
    volume = {77},
    year = {1989}
}

@article{tolhurst-et-al-1983,
    author = {Tolhurst, David J. and Movshon, J. Anthony and Dean, Andrew F.},
    citeulike-article-id = {4562565},
    doi = {10.1016/0042-6989(83)90200-6},
    issn = {00426989},
    journal = {Vision Research},
    keywords = {biology, noise, poisson},
    month = jan,
    number = {8},
    pages = {775--785},
    posted-at = {2013-11-18 12:50:45},
    priority = {2},
    title = {The Statistical Reliability of Signals in Single Neurons in Cat and Monkey Visual Cortex},
    url = {http://dx.doi.org/10.1016/0042-6989(83)90200-6},
    volume = {23},
    year = {1983}
}

@article{fairhall-and-macaluso-2009,
    address = {Neuroimaging Laboratory, Santa Lucia Foundation, Via Ardeatina 306, 00179 Rome, Italy},
    author = {Fairhall, Scott L. and Macaluso, Emiliano},
    citeulike-article-id = {4177610},
    doi = {10.1111/j.1460-9568.2009.06688.x},
    issn = {1460-9568},
    journal = {The European journal of neuroscience},
    keywords = {attention, auditory, biology, cue-combination, multi-modality, perception, top-down, visual},
    month = mar,
    number = {6},
    pages = {1247--1257},
    pmid = {19302160},
    posted-at = {2012-08-17 14:19:45},
    priority = {2},
    publisher = {Blackwell Publishing},
    title = {Spatial attention can modulate audiovisual integration at multiple cortical and subcortical sites},
    url = {http://dx.doi.org/10.1111/j.1460-9568.2009.06688.x},
    volume = {29},
    year = {2009}
}

@article{reynolds-and-chelazzi-2004,
    address = {Systems Neurobiology Laboratory, Salk Institute for Biological Studies, La Jolla, California 92037-1099, USA. reynolds@salk.edu},
    author = {Reynolds, John H. and Chelazzi, Leonardo},
    citeulike-article-id = {345511},
    doi = {10.1146/annurev.neuro.26.041002.131039},
    issn = {0147-006X},
    journal = {Annual Review of Neuroscience},
    keywords = {attention, biology, cortex, visual},
    number = {1},
    pages = {611--647},
    pmid = {15217345},
    posted-at = {2014-06-06 10:47:29},
    priority = {2},
    title = {Attentional Modulation of Visual Processing},
    url = {http://dx.doi.org/10.1146/annurev.neuro.26.041002.131039},
    volume = {27},
    year = {2004}
}

@article{goldberg-and-wurtz-1972b,
    author = {Goldberg, Michael E. and Wurtz, Robert H.},
    citeulike-article-id = {12414478},
    issn = {0022-3077},
    journal = {Journal of Neurophysiology},
    keywords = {attention, biology, feature-attention, sc},
    month = jul,
    number = {4},
    pages = {560--574},
    pmid = {4624740},
    posted-at = {2013-06-13 13:39:32},
    priority = {2},
    title = {Activity of Superior Colliculus in Behaving Monkey. II. Effect of Attention on Neuronal Responses},
    url = {http://view.ncbi.nlm.nih.gov/pubmed/4624740},
    volume = {35},
    year = {1972}
}

@article{deneve-et-al-2001,
    address = {Department of Brain and Cognitive Sciences, University of Rochester, Rochester, New York 14627, USA.},
    author = {Deneve, Sophie and Latham, Peter E. and Pouget, Alexandre},
    citeulike-article-id = {90461},
    day = {01},
    doi = {10.1038/90541},
    issn = {1097-6256},
    journal = {Nature Neuroscience},
    keywords = {ann, bayes, probability},
    month = aug,
    number = {8},
    pages = {826--831},
    pmid = {11477429},
    posted-at = {2012-01-27 12:58:18},
    priority = {2},
    publisher = {Nature Publishing Group},
    title = {Efficient computation and cue integration with noisy population codes},
    url = {http://dx.doi.org/10.1038/90541},
    volume = {4},
    year = {2001}
}

@article{beck-et-al-2008,
    author = {Beck, Jeffrey M. and Ma, Wei J. and Kiani, Roozbeh and Hanks, Tim and Churchland, Anne K. and Roitman, Jamie and Shadlen, Michael N. and Latham, Peter E. and Pouget, Alexandre},
    citeulike-article-id = {3832653},
    day = {26},
    doi = {10.1016/j.neuron.2008.09.021},
    issn = {1097-4199},
    journal = {Neuron},
    keywords = {ann, bayes, population-coding, probability},
    month = dec,
    number = {6},
    pages = {1142--1152},
    pmcid = {PMC2742921},
    pmid = {19109917},
    posted-at = {2013-01-03 13:31:41},
    priority = {2},
    publisher = {Cell Press,},
    title = {Probabilistic Population Codes for {B}ayesian Decision Making},
    url = {http://dx.doi.org/10.1016/j.neuron.2008.09.021},
    volume = {60},
    year = {2008}
}

@article{ursino-et-al-2009,
    author = {Ursino, Mauro and Cuppini, Cristiano and Magosso, Elisa and Serino, Andrea and Pellegrino, Giuseppe},
    booktitle = {Journal of Computational Neuroscience},
    citeulike-article-id = {3431122},
    day = {1},
    doi = {10.1007/s10827-008-0096-4},
    issn = {0929-5313},
    journal = {Journal of Computational Neuroscience},
    keywords = {model, multisensory-integration, sc},
    month = feb,
    number = {1},
    pages = {55--73},
    pmid = {18478323},
    posted-at = {2013-11-12 15:05:15},
    priority = {2},
    publisher = {Springer US},
    title = {Multisensory integration in the superior colliculus: a neural network model},
    url = {http://dx.doi.org/10.1007/s10827-008-0096-4},
    volume = {26},
    year = {2009}
}

@article{chen-and-vroomen-2013,
    author = {Chen, Lihan and Vroomen, Jean},
    doi = {10.3758/s13414-013-0475-4},
    journal = {Attention, Perception, \& Psychophysics},
    keywords = {audio, biology, multisensory-integration, ventriloquism-effect, visual},
    number = {5},
    pages = {790--811},
    posted-at = {2013-10-01 08:33:45},
    priority = {2},
    publisher = {Springer-Verlag},
    title = {Intersensory binding across space and time: A tutorial review},
    url = {http://dx.doi.org/10.3758/s13414-013-0475-4},
    volume = {75},
    year = {2013}
}

@article{mcgurk-and-macdonald-1976,
    author = {McGurk, Harry and MacDonald, John},
    citeulike-article-id = {1101067},
    day = {23},
    doi = {10.1038/264746a0},
    issn = {0028-0836},
    journal = {Nature},
    keywords = {biology, mcgurk, multisensory-integration},
    month = dec,
    number = {5588},
    pages = {746--748},
    posted-at = {2014-06-10 10:08:16},
    priority = {2},
    publisher = {Nature Publishing Group},
    title = {Hearing lips and seeing voices},
    url = {http://dx.doi.org/10.1038/264746a0},
    volume = {264},
    year = {1976}
}

@book{stein-and-meredith-1993,
    author = {Stein, Barry E. and Meredith, M. Alex},
    day = {22},
    edition = {1},
    howpublished = {Hardcover},
    isbn = {0262193310},
    month = jan,
    posted-at = {2011-08-10 11:13:55},
    priority = {2},
    publisher = {MIT Press},
    series = {Cognitive neuroscience series},
    title = {The Merging Of The Senses},
    url = {http://books.google.de/books?id=uCV9QgAACAAJ},
    year = {1993}
}

@article{chalk-et-al-2013,
    author = {Chalk, Matthew and Murray, Iain and Seri\`{e}s, Peggy},
    citeulike-article-id = {12681404},
    day = {18},
    doi = {10.1162/neco\_a\_00494},
    journal = {Neural Computation},
    keywords = {ann, attention, divisive-normalization, model, perception},
    month = jun,
    pages = {1--30},
    posted-at = {2013-10-07 14:43:41},
    priority = {2},
    publisher = {MIT Press},
    title = {Attention as Reward-Driven Optimization of Sensory Processing},
    url = {http://dx.doi.org/10.1162/neco\_a\_00494},
    year = {2013}
}

@article{yang-and-shadlen-2007,
    author = {Yang, Tianming and Shadlen, Michael N.},
    day = {3},
    doi = {10.1038/nature05852},
    issn = {0028-0836},
    journal = {Nature},
    keywords = {ann, bayes, math, population-coding, probability},
    month = jun,
    number = {7148},
    pages = {1075--1080},
    pmid = {17546027},
    posted-at = {2012-04-10 07:37:29},
    priority = {2},
    publisher = {Nature Publishing Group},
    title = {Probabilistic reasoning by neurons},
    url = {http://dx.doi.org/10.1038/nature05852},
    volume = {447},
    year = {2007}
}

@article{soltani-and-wang-2010,
    author = {Soltani, Alireza and Wang, Xiao-Jing},
    day = {13},
    doi = {10.1038/nn.2450},
    issn = {1546-1726},
    journal = {Nature Neuroscience},
    keywords = {ann, bayes, model},
    month = jan,
    number = {1},
    pages = {112--119},
    pmcid = {PMC2921378},
    pmid = {20010823},
    posted-at = {2013-01-11 08:19:08},
    priority = {2},
    publisher = {Nature Publishing Group},
    title = {Synaptic computation underlying probabilistic inference},
    url = {http://dx.doi.org/10.1038/nn.2450},
    volume = {13},
    year = {2010}
}

@article{krauzlis-et-al-2014,
    author = {Krauzlis, Richard J. and Bollimunta, Anil and Arcizet, Fabrice and Wang, Lupeng},
    citeulike-article-id = {13241477},
    doi = {10.1016/j.tics.2014.05.008},
    issn = {13646613},
    journal = {Trends in Cognitive Sciences},
    keywords = {attention},
    month = jun,
    posted-at = {2014-06-24 16:33:49},
    priority = {2},
    title = {Attention as an effect not a cause},
    url = {http://dx.doi.org/10.1016/j.tics.2014.05.008},
    year = {2014}
}

@incollection{may-2005,
    author = {May, Paul J.},
    doi = {10.1016/s0079-6123(05)51011-2},
    isbn = {9780444516961},
    issn = {1875-7855},
    booktitle = {Progress in Brain Research},
    keywords = {biology, cells, sc, sc-connectivity, sc-input, sc-output},
    pages = {321--378},
    pmid = {16221594},
    publisher = {Elsevier},
    title = {The mammalian superior colliculus: laminar structure and connections},
    url = {http://dx.doi.org/10.1016/s0079-6123(05)51011-2},
    volume = {151},
    year = {2006}
}

@article{stein-et-al-2014,
    author = {Stein, Barry E. and Stanford, Terrence R. and Rowland, Benjamin A.},
    citeulike-article-id = {13268907},
    citeulike-linkout-0 = {http://dx.doi.org/10.1038/nrn3742},
    citeulike-linkout-1 = {http://dx.doi.org/10.1038/nrn3742},
    doi = {10.1038/nrn3742},
    journal = {Nature Reviews Neuroscience},
    keywords = {biology, development, multisensory-integration, sc},
    month = aug,
    number = {8},
    pages = {520--535},
    posted-at = {2014-07-18 12:56:08},
    priority = {2},
    publisher = {Nature Publishing Group, a division of Macmillan Publishers Limited. All Rights Reserved.},
    title = {Development of multisensory integration from the perspective of the individual neuron},
    url = {http://dx.doi.org/10.1038/nrn3742},
    volume = {15},
    year = {2014}
}


@inbook{berson-1988,
    author = {Berson, David M.},
    booktitle = {Progress in Brain Research: Vision Within Extrageniculo-Striate Systems},
    chapter = {2},
    editor = {Hicks, T. Philip and Benedek, Gy\"{o}rgy},
    issn = {0079-6123},
    journal = {Progress in brain research},
    keywords = {biology, connectivity, sc, sc-input},
    pages = {17--26},
    pmid = {3055056},
    posted-at = {2014-05-16 14:01:54},
    priority = {2},
    publisher = {Elsevier},
    series = {Progress in Brain Research},
    title = {Retinal and cortical inputs to cat superior colliculus: composition, convergence and laminar specificity},
    url = {http://view.ncbi.nlm.nih.gov/pubmed/3055056},
    volume = {75},
    year = {1988}
}

@article{ferraina-et-al-2002,
    author = {Ferraina, Stefano and Par\'{e}, Martin and Wurtz, Robert H.},
    citeulike-article-id = {12782384},
    issn = {0022-3077},
    journal = {Journal of Neurophysiology},
    keywords = {biology, cortex, sc, sc-input},
    month = feb,
    number = {2},
    pages = {845--858},
    pmid = {11826051},
    posted-at = {2014-09-25 16:09:25},
    title = {Comparison of {Cortico-Cortical} and {Cortico-Collicular} Signals for the Generation of Saccadic Eye Movements},
    url = {http://view.ncbi.nlm.nih.gov/pubmed/11826051},
    volume = {87},
    year = {2002}
}

@article{chabot-et-al-2013,
    author = {Chabot, Nicole and Mellott, Jeffrey G. and Hall, Amee J. and Tichenoff, Emily L. and Lomber, Stephen G.},
    doi = {10.1016/j.heares.2013.02.008},
    issn = {03785955},
    journal = {Hearing Research},
    keywords = {auditory, auditory-processing, biology, sc},
    month = mar,
    posted-at = {2013-03-19 12:51:42},
    title = {Cerebral Origins of the Auditory Projection to the Superior Colliculus of the Cat},
    url = {http://dx.doi.org/10.1016/j.heares.2013.02.008},
    year = {2013},
    pages = {33--45},
	volume = {300}
}

@article{buschman-and-miller-2007,
    address = {New York, N.Y.},
    author = {Buschman, Timothy J. and Miller, Earl K.},
    day = {30},
    issn = {1095-9203},
    journal = {Science},
    keywords = {attention, bottom-up, synchrony, top-down},
    month = mar,
    number = {5820},
    pages = {1860--1862},
    pmid = {17395832},
    posted-at = {2013-04-15 13:38:42},
    priority = {2},
    title = {{Top-Down} Versus {Bottom-Up} Control of Attention in the Prefrontal and Posterior Parietal Cortices},
    url = {http://dx.doi.org/10.1126/science.1138071},
    volume = {315},
    year = {2007}
}

@article{kastner-and-ungerleider-2000,
    address = {Laboratory of Brain and Cognition, National Institute of Mental Health, National Institutes of Health, Bethesda, Maryland 20892, USA. sabine@ln.nimh.nih.gov},
    author = {Kastner, Sabine and Ungerleider, Leslie G.},
    citeulike-article-id = {1297894},
    doi = {10.1146/annurev.neuro.23.1.315},
    issn = {0147-006X},
    journal = {Annual Review of Neuroscience},
    keywords = {attention, biology, cortex, visual},
    number = {1},
    pages = {315--341},
    pmid = {10845067},
    title = {Mechanisms of visual attention in the human cortex.},
    url = {http://dx.doi.org/10.1146/annurev.neuro.23.1.315},
    volume = {23},
    year = {2000}
}

@article{dehner-et-al-2004,
    author = {Dehner, Lisa R. and Keniston, Leslie P. and Clemo, Ruth R. and Meredith, Alex A.},
    citeulike-article-id = {13375118},
    issn = {1047-3211},
    journal = {Cerebral Cortex},
    keywords = {aes, attention, sc-input},
    location = {New York},
    month = apr,
    number = {4},
    pages = {387--403},
    pmid = {15028643},
    priority = {2},
    publisher = {Oxford University Press},
    title = {Cross-modal Circuitry between auditory and somatosensory areas of the cat anterior ectosylvian sulcal cortex: A `New' Inhibitory form of Multisensory Convergence},
    url = {http://view.ncbi.nlm.nih.gov/pubmed/15028643},
    volume = {14},
    year = {2004}
}

@article{ignashchenkova-et-al-2004,
    author = {Ignashchenkova, Alla and Dicke, Peter W. and Haarmeier, Thomas and Thier, Peter},
    citeulike-article-id = {3503609},
    day = {21},
    doi = {10.1038/nn1169},
    issn = {1097-6256},
    journal = {Nature neuroscience},
    keywords = {attention, biology, motor, sc},
    month = jan,
    number = {1},
    pages = {56--64},
    pmid = {14699418},
    posted-at = {2014-09-26 14:56:37},
    priority = {2},
    publisher = {Nature Publishing Group},
    title = {Neuron-specific contribution of the superior colliculus to overt and covert shifts of attention.},
    url = {http://dx.doi.org/10.1038/nn1169},
    volume = {7},
    year = {2004}
}

@article{wilkinson-et-al-1996,
    author = {Wilkinson, Lee K. and Meredith, M. Alex and Stein, Barry E.},
    citeulike-article-id = {13377433},
    issn = {0014-4819},
    journal = {Experimental Brain Research},
    keywords = {aes, behaviour, biology, motor, orienting},
    month = nov,
    number = {1},
    pages = {1--10},
    pmid = {8951401},
    posted-at = {2014-09-29 13:47:01},
    priority = {2},
    title = {The role of anterior ectosylvian cortex in cross-modality orientation and approach behavior},
    url = {http://view.ncbi.nlm.nih.gov/pubmed/8951401},
    volume = {112},
    year = {1996}
}

@article{kustov-and-robinson-1996,
    address = {Section on Visual Behavior, Laboratory of Sensorimotor Research, National Eye Institute, National Institutes of Health, Bethesda, Maryland 20892, USA.},
    author = {Kustov, Alexander A. and Robinson, David L.},
    day = {7},
    doi = {10.1038/384074a0},
    issn = {0028-0836},
    journal = {Nature},
    month = nov,
    number = {6604},
    pages = {74--77},
    pmid = {8900281},
    posted-at = {2011-09-22 15:35:42},
    priority = {2},
    publisher = {Nature Publishing Group},
    title = {Shared neural control of attentional shifts and eye movements.},
    url = {http://dx.doi.org/10.1038/384074a0},
    volume = {384},
    year = {1996}
}

@article{duffy-1998,
    address = {Department of Neurology, University of Rochester Medical Center, Rochester, New York 14642, USA.},
    author = {Duffy, Charles J.},
    citeulike-article-id = {3299623},
    day = {01},
    issn = {1522-1598},
    journal = {Journal of Neurophysiology},
    keywords = {biology, mst, multisensory, optic-flow, visual},
    month = oct,
    number = {4},
    pages = {1816--1827},
    pmid = {9772241},
    posted-at = {2014-09-30 11:30:14},
    priority = {2},
    publisher = {American Physiological Society},
    title = {{MST} Neurons Respond to Optic Flow and Translational Movement},
    url = {http://jn.physiology.org/content/80/4/1816.abstract},
    volume = {80},
    year = {1998}
}

@article{morgan-et-al-2008,
    author = {Morgan, Michael L. and DeAngelis, Gregory C. and Angelaki, Dora E.},
    day = {28},
    doi = {10.1016/j.neuron.2008.06.024},
    issn = {1097-4199},
    journal = {Neuron},
    keywords = {biology, cue-combination, multi-modality, population-coding, visual},
    month = aug,
    number = {4},
    pages = {662--673},
    pmid = {18760701},
    posted-at = {2012-08-17 16:41:46},
    priority = {2},
    publisher = {Cell Press},
    title = {Multisensory Integration in Macaque Visual Cortex Depends on Cue Reliability},
    url = {http://dx.doi.org/10.1016/j.neuron.2008.06.024},
    volume = {59},
    year = {2008}
}

@article{bruce-et-al-1985,
    author = {Bruce, Charles J. and Goldberg, Michael E. and Bushnell, M. Catherine and Stanton, Gregory B.},
    citeulike-article-id = {2883752},
    day = {1},
    issn = {0022-3077},
    journal = {Journal of Neurophysiology},
    keywords = {biology, eye-saccades, fef, saccades},
    month = sep,
    number = {3},
    pages = {714--734},
    pmid = {4045546},
    posted-at = {2014-09-30 10:33:13},
    priority = {2},
    title = {Primate Frontal Eye Fields. {II}. {P}hysiological and Anatomical Correlates of Electrically Evoked Eye Movements},
    url = {http://jn.physiology.org/content/54/3/714.abstract},
    volume = {54},
    year = {1985}
}

@article{olson-and-graybiel-1987,
    author = {Olson, Carl R. and Graybiel, Ann M.},
    citeulike-article-id = {13379149},
    citeulike-linkout-0 = {http://dx.doi.org/10.1002/cne.902610209},
    day = {8},
    doi = {10.1002/cne.902610209},
    journal = {The Journal of Comparative Neurology},
    keywords = {aes, biology, receptive-fields, visual},
    month = jul,
    number = {2},
    pages = {277--294},
    posted-at = {2014-10-01 08:54:58},
    priority = {2},
    publisher = {Wiley-Liss},
    title = {Ectosylvian Visual Area of the Cat: Location, Retinotopic Organization, and Connections},
    url = {http://dx.doi.org/10.1002/cne.902610209},
    volume = {261},
    year = {1987}
}

@article{clarey-and-irvine-1990,
    author = {Clarey, Janine C. and Irvine, Dexter R. F.},
    citeulike-article-id = {13379186},
    day = {8},
    issn = {0021-9967},
    journal = {The Journal of Comparative Neurology},
    keywords = {aes, biology},
    month = nov,
    number = {2},
    pages = {304--324},
    pmid = {1702108},
    posted-at = {2014-10-01 09:41:18},
    priority = {2},
    publisher = {Wiley-Liss},
    title = {The anterior ectosylvian sulcal auditory field in the cat: {II}. {A} horseradish peroxidase study of its thalamic and cortical connections.},
    url = {http://view.ncbi.nlm.nih.gov/pubmed/1702108},
    volume = {301},
    year = {1990}
}

@incollection{meredith-2004,
    author = {Meredith, M. Alex},
    booktitle = {The Handbook of Multisensory Processes},
    chapter = {21},
    citeulike-article-id = {13377402},
    editor = {Calvert, Gemma and Spence, Charles and Stein, Barry E.},
    keywords = {aes, aev, biology, cortex, faes, multisensory-integration},
    pages = {343--355},
    posted-at = {2014-09-29 13:07:23},
    priority = {2},
    publisher = {The MIT Press},
    title = {Corticocortical Connectivity of {Cross-Modal} Circuits},
    year = {2004}
}

@article{graziano-and-gross-1993,
    author = {Graziano, Michael S. and Gross, Charles G.},
    citeulike-article-id = {5909564},
    issn = {0014-4819},
    journal = {Experimental Brain Research},
    keywords = {biology, multisensory, putamen, somatosensation, topographic-maps, visual},
    number = {1},
    pages = {96--109},
    pmid = {8131835},
    posted-at = {2014-09-30 08:53:57},
    priority = {2},
    title = {A bimodal map of space: somatosensory receptive fields in the macaque putamen with corresponding visual receptive fields.},
    url = {http://view.ncbi.nlm.nih.gov/pubmed/8131835},
    volume = {97},
    year = {1993}
}


@article{akaike-1974,
    author = {Akaike, Hirotugu},
    citeulike-article-id = {849862},
    day = {06},
    doi = {10.1109/tac.1974.1100705},
    institution = {Institute of Statistical Mathematics, Minato-ku, Tokyo, Japan},
    issn = {0018-9286},
    journal = {IEEE Transactions on Automatic Control},
    keywords = {math, model-selection, statistics},
    month = dec,
    number = {6},
    pages = {716--723},
    posted-at = {2014-11-17 13:43:09},
    priority = {2},
    publisher = {IEEE},
    title = {A New Look at the Statistical Model Identification},
    url = {http://dx.doi.org/10.1109/tac.1974.1100705},
    volume = {19},
    year = {1974}
}

@incollection{deleeuw-1992,
    abstract = {The problem of estimating the dimensionality of a model occurs in various forms in applied statistics: estimating the number of factors in factor analysis, estimating the degree of a polynomial describing the data, selecting the variables to be introduced in a multiple regression equation, estimating the order of an {AR} or {MA} time series model, and so on.},
    address = {New York},
    author = {deLeeuw, Jan},
    booktitle = {Breakthroughs in Statistics},
    citeulike-article-id = {13434979},
    doi = {10.1007/978-1-4612-0919-5\_37},
    editor = {Kotz, Samuel and Johnson, Norman L.},
    keywords = {math, model-selection, multi-modality, statistics},
    pages = {599--609},
    posted-at = {2014-11-20 14:25:42},
    priority = {2},
    publisher = {Springer-Verlag},
    series = {Springer Series in Statistics},
    title = {Introduction to {A}kaike (1973) Information Theory and an Extension of the Maximum Likelihood Principle},
    url = {http://dx.doi.org/10.1007/978-1-4612-0919-5\_37},
    year = {1992}
}

